../bibtex/consolidated_bibtex_source.bib